
% Journals

% First the Full Name is given, then the abbreviation used in the AMS Math
% Reviews, with an indication if it could not be found there.
% Note the 2nd overwrites the 1st, so swap them if you want the full name.

 %{AMS}
 @String{AMSTrans = "American Mathematical Society Translations" }
 @String{AMSTrans = "Amer. Math. Soc. Transl." }
 @String{BullAMS = "Bulletin of the American Mathematical Society" }
 @String{BullAMS = "Bull. Amer. Math. Soc." }
 @String{ProcAMS = "Proceedings of the American Mathematical Society" }
 @String{ProcAMS = "Proc. Amer. Math. Soc." }
 @String{TransAMS = "Transactions of the American Mathematical Society" }
 @String{TransAMS = "Trans. Amer. Math. Soc." }

 %ACM
 @String{CACM = "Communications of the {ACM}" }
 @String{CACM = "Commun. {ACM}" }
 @String{CompServ = "Comput. Surveys" }
 @String{JACM = "J. ACM" }
 @String{ACMMathSoft = "{ACM} Transactions on Mathematical Software" }
 @String{ACMMathSoft = "{ACM} Trans. Math. Software" }
 @String{SIGNUM = "{ACM} {SIGNUM} Newsletter" }
 @String{SIGNUM = "{ACM} {SIGNUM} Newslett." }

 @String{AmerSocio = "American Journal of Sociology" }
 @String{AmerStatAssoc = "Journal of the American Statistical Association" }
 @String{AmerStatAssoc = "J. Amer. Statist. Assoc." }
 @String{ApplMathComp = "Applied Mathematics and Computation" }
 @String{ApplMathComp = "Appl. Math. Comput." }
 @String{AmerMathMonthly = "American Mathematical Monthly" }
 @String{AmerMathMonthly = "Amer. Math. Monthly" }
 @String{BIT = "{BIT}" }
 @String{BritStatPsych = "British Journal of Mathematical and Statistical
          Psychology" }
 @String{BritStatPsych = "Brit. J. Math. Statist. Psych." }
 @String{CanMathBull = "Canadian Mathematical Bulletin" }
 @String{CanMathBull = "Canad. Math. Bull." }
 @String{CompApplMath = "Journal of Computational and Applied Mathematics" }
 @String{CompApplMath = "J. Comput. Appl. Math." }
 @String{CompPhys = "Journal of Computational Physics" }
 @String{CompPhys = "J. Comput. Phys." }
 @String{CompStruct = "Computers and Structures" }
 @String{CompStruct = "Comput. \& Structures" }
 @String{CompJour = "The Computer Journal" }
 @String{CompJour = "Comput. J." }
 @String{CompSysSci = "Journal of Computer and System Sciences" }
 @String{CompSysSci = "J. Comput. System Sci." }
 @String{Computing = "Computing" }
 @String{ContempMath = "Contemporary Mathematics" }
 @String{ContempMath = "Contemp. Math." }
 @String{Crelle = "Crelle's Journal" }
 @String{GiornaleMath = "Giornale di Mathematiche" }
 @String{GiornaleMath = "Giorn. Mat." } % didn't find in AMS MR., ibid.

 %IEEE
 @String{Computer = "{IEEE} Computer" }
 @String{IEEETransComp = "{IEEE} Transactions on Computers" }
 @String{IEEETransComp = "{IEEE} Trans. Comput." }
 @String{IEEETransAC = "{IEEE} Transactions on Automatic Control" }
 @String{IEEETransAC = "{IEEE} Trans. Automat. Control" }
 @String{IEEESpec = "{IEEE} Spectrum" } % didn't find in AMS MR
 @String{ProcIEEE = "Proceedings of the {IEEE}" }
 @String{ProcIEEE = "Proc. {IEEE}" } % didn't find in AMS MR
 @String{IEEETransAeroElec = "{IEEE} Transactions on Aerospace and Electronic
     Systems" }
 @String{IEEETransAeroElec = "{IEEE} Trans. Aerospace Electron. Systems" }

 @String{IMANumerAna = "{IMA} Journal of Numerical Analysis" }
 @String{IMANumerAna = "{IMA} J. Numer. Anal." }
 @String{InfProcLet = "Information Processing Letters" }
 @String{InfProcLet = "Inform. Process. Lett." }
 @String{InstMathApp = "Journal of the Institute of Mathematics and
     its Applications" }
 @String{InstMathApp = "J. Inst. Math. Appl." }
 @String{IntControl = "International Journal of Control" }
 @String{IntControl = "Internat. J. Control" }
 @String{IntNumerEng = "International Journal for Numerical Methods in
     Engineering" }
 @String{IntNumerEng = "Internat. J. Numer. Methods Engrg." }
 @String{IntSuper = "International Journal of Supercomputing Applications" }
 @String{IntSuper = "Internat. J. Supercomputing Applic." } % didn't find
%% in AMS MR
 @String{Kibernetika = "Kibernetika" }
 @String{JResNatBurStand = "Journal of Research of the National Bureau
     of Standards" }
 @String{JResNatBurStand = "J. Res. Nat. Bur. Standards" }
 @String{LinAlgApp = "Linear Algebra and its Applications" }
 @String{LinAlgApp = "Linear Algebra Appl." }
 @String{MathAnaAppl = "Journal of Mathematical Analysis and Applications" }
 @String{MathAnaAppl = "J. Math. Anal. Appl." }
 @String{MathAnnalen = "Mathematische Annalen" }
 @String{MathAnnalen = "Math. Ann." }
 @String{MathPhys = "Journal of Mathematical Physics" }
 @String{MathPhys = "J. Math. Phys." }
 @String{MathComp = "Mathematics of Computation" }
 @String{MathComp = "Math. Comp." }
 @String{MathScand = "Mathematica Scandinavica" }
 @String{MathScand = "Math. Scand." }
 @String{TablesAidsComp = "Mathematical Tables and Other Aids to Computation" }
 @String{TablesAidsComp = "Math. Tables Aids Comput." }
 @String{NumerMath = "Numerische Mathematik" }
 @String{NumerMath = "Numer. Math." }
 @String{PacificMath = "Pacific Journal of Mathematics" }
 @String{PacificMath = "Pacific J. Math." }
 @String{ParDistComp = "Journal of Parallel and Distributed Computing" }
 @String{ParDistComp = "J. Parallel and Distrib. Comput." } % didn't find
%% in AMS MR
 @String{ParComputing = "Parallel Computing" }
 @String{ParComputing = "Parallel Comput." }
 @String{PhilMag = "Philosophical Magazine" }
 @String{PhilMag = "Philos. Mag." }
 @String{ProcNAS = "Proceedings of the National Academy of Sciences
                    of the USA" }
 @String{ProcNAS = "Proc. Nat. Acad. Sci. U. S. A." }
 @String{Psychometrika = "Psychometrika" }
 @String{QuartMath = "Quarterly Journal of Mathematics, Oxford, Series (2)" }
 @String{QuartMath = "Quart. J. Math. Oxford Ser. (2)" }
 @String{QuartApplMath = "Quarterly of Applied Mathematics" }
 @String{QuartApplMath = "Quart. Appl. Math." }
 @String{RevueInstStat = "Review of the International Statisical Institute" }
 @String{RevueInstStat = "Rev. Inst. Internat. Statist." }

 %SIAM
 @String{JSIAM = "Journal of the Society for Industrial and Applied
     Mathematics" }
 @String{JSIAM = "J. Soc. Indust. Appl. Math." }
 @String{JSIAMB = "Journal of the Society for Industrial and Applied
     Mathematics, Series B, Numerical Analysis" }
 @String{JSIAMB = "J. Soc. Indust. Appl. Math. Ser. B Numer. Anal." }
 @String{SIAMAlgMeth = "{SIAM} Journal on Algebraic and Discrete Methods" }
 @String{SIAMAlgMeth = "{SIAM} J. Algebraic Discrete Methods" }
 @String{SIAMAppMath = "{SIAM} Journal on Applied Mathematics" }
 @String{SIAMAppMath = "{SIAM} J. Appl. Math." }
 @String{SIAMComp = "{SIAM} Journal on Computing" }
 @String{SIAMComp = "{SIAM} J. Comput." }
 @String{SIAMMatrix = "{SIAM} Journal on Matrix Analysis and Applications" }
 @String{SIAMMatrix = "{SIAM} J. Matrix Anal. Appl." }
 @String{SIAMNumAnal = "{SIAM} Journal on Numerical Analysis" }
 @String{SIAMNumAnal = "{SIAM} J. Numer. Anal." }
 @String{SIAMReview = "{SIAM} Review" }
 @String{SIAMReview = "{SIAM} Rev." }
 @String{SIAMSciStat = "{SIAM} Journal on Scientific and Statistical
     Computing" }
 @String{SIAMSciStat = "{SIAM} J. Sci. Statist. Comput." }

 @String{SoftPracExp = "Software Practice and Experience" }
 @String{SoftPracExp = "Software Prac. Experience" } % didn't find in AMS MR
 @String{StatScience = "Statistical Science" }
 @String{StatScience = "Statist. Sci." }
 @String{Techno = "Technometrics" }
 @String{USSRCompMathPhys = "{USSR} Computational Mathematics and Mathematical
     Physics" }
 @String{USSRCompMathPhys = "{U. S. S. R.} Comput. Math. and Math. Phys." }
 @String{VLSICompSys = "Journal of {VLSI} and Computer Systems" }
 @String{VLSICompSys = "J. {VLSI} Comput. Syst." }
 @String{ZAngewMathMech = "Zeitschrift fur Angewandte Mathematik und
     Mechanik" }
 @String{ZAngewMathMech = "Z. Angew. Math. Mech." }
 @String{ZAngewMathPhys = "Zeitschrift fur Angewandte Mathematik und Physik" }
 @String{ZAngewMathPhys = "Z. Angew. Math. Phys." }

% Publishers % ================================================= |

 @String{Academic = "Academic Press" }
 @String{ACMPress = "{ACM} Press" }
 @String{AdamHilger = "Adam Hilger" }
 @String{AddisonWesley = "Addison-Wesley" }
 @String{AllynBacon = "Allyn and Bacon" }
 @String{AMS = "American Mathematical Society" }
 @String{Birkhauser = "Birkha{\"u}ser" }
 @String{CambridgePress = "Cambridge University Press" }
 @String{Chelsea = "Chelsea" }
 @String{ClaredonPress = "Claredon Press" }
 @String{DoverPub = "Dover Publications" }
 @String{Eyolles = "Eyolles" }
 @String{HoltRinehartWinston = "Holt, Rinehart and Winston" }
 @String{Interscience = "Interscience" }
 @String{JohnsHopkinsPress = "The Johns Hopkins University Press" }
 @String{JohnWileySons = "John Wiley and Sons" }
 @String{Macmillan = "Macmillan" }
 @String{MathWorks = "The Math Works Inc." }
 @String{McGrawHill = "McGraw-Hill" }
 @String{NatBurStd = "National Bureau of Standards" }
 @String{NorthHolland = "North-Holland" }
 @String{OxfordPress = "Oxford University Press" }  %address Oxford or London?
 @String{PergamonPress = "Pergamon Press" }
 @String{PlenumPress = "Plenum Press" }
 @String{PrenticeHall = "Prentice-Hall" }
 @String{SIAMPub = "{SIAM} Publications" }
 @String{Springer = "Springer-Verlag" }
 @String{TexasPress = "University of Texas Press" }
 @String{VanNostrand = "Van Nostrand" }
 @String{WHFreeman = "W. H. Freeman and Co." }

%Entries

@article{comboio2023reportagem,
  author = {BBC, Research},
  title = {A história por trás do frustrado comboio militar de Putin com 56 km pela Ucrânia},
  journal = {BBC NEWS BRASIL},
  year = {2023},
  month = {Fevereiro},
  day = {22},
  url = {https://www.bbc.com/portuguese/articles/cyj0x8dy9pwo},
}

@article{simon2001art,
  title={The art of military logistics},
  author={Simon, Steve John},
  journal={Communications of the ACM},
  volume={44},
  number={6},
  pages={62--66},
  year={2001},
  publisher={ACM New York, NY, USA}
}

@article{bork2023conceptual,
  title={Conceptual Modeling and Artificial Intelligence: A Systematic Mapping Study},
  author={Bork, Dominik and Ali, Syed Juned and Roelens, Ben},
  journal={arXiv preprint arXiv:2303.06758},
  year={2023}
}

@article{mylopoulos1992conceptual,
  title={Conceptual modelling and Telos},
  author={Mylopoulos, John},
  journal={Conceptual modelling, databases, and CASE: An integrated view of information system development},
  pages={49--68},
  year={1992},
  publisher={John Wiley \& Sons}
}

@book{russell2013IA,
author = {Russell, Stuart Jonathan and Norvig, Peter.},
title = {Inteligência Artificial. 3ª ed. Tradução de Regina Célia Simille. Título Original: Artificial Intelligence},
year = {2013},
publisher = {Elsevier},
address = {Rio de Janeiro, RJ},
pages = {1056},
isbn = {9788535251418}
}

@inproceedings{lukyanenko2019using,
  title={Using conceptual modeling to support machine learning},
  author={Lukyanenko, Roman and Castellanos, Arturo and Parsons, Jeffrey and Chiarini Tremblay, Monica and Storey, Veda C},
  booktitle={Information Systems Engineering in Responsible Information Systems: CAiSE Forum 2019, Rome, Italy, June 3--7, 2019, Proceedings 31},
  pages={170--181},
  year={2019},
  organization={Springer}
}

@article{maass2021pairing,
  title={Pairing conceptual modeling with machine learning},
  author={Maass, Wolfgang and Storey, Veda C},
  journal={Data \& Knowledge Engineering},
  volume={134},
  pages={101909},
  year={2021},
  publisher={Elsevier}
}

@article{amaral2021foundational,
  title={Foundational ontologies, ontology-driven conceptual modeling, and their multiple benefits to data mining},
  author={Amaral, Glenda and Bai{\~a}o, Fernanda and Guizzardi, Giancarlo},
  journal={Wiley Interdisciplinary Reviews: Data Mining and Knowledge Discovery},
  volume={11},
  number={4},
  pages={e1408},
  year={2021},
  publisher={Wiley Online Library}
}

@article{guizzardi2022ufo,
  title={UFO: Unified foundational ontology},
  author={Guizzardi, Giancarlo and Botti Benevides, Alessander and Fonseca, Claudenir M and Porello, Daniele and Almeida, Jo{\~a}o Paulo A and Prince Sales, Tiago},
  journal={Applied ontology},
  volume={17},
  number={1},
  pages={167--210},
  year={2022},
  publisher={IOS Press}
}

@article{kulmanov2020ontologiesml,
    author = {Kulmanov, Maxat and Smaili, Fatima Zohra and Gao, Xin and Hoehndorf, Robert},
    title = "{Semantic similarity and machine learning with ontologies}",
    journal = {Briefings in Bioinformatics},
    volume = {22},
    number = {4},
    pages = {bbaa199},
    year = {2020},
    month = {10},
    issn = {1477-4054},
    doi = {10.1093/bib/bbaa199},
    url = {https://doi.org/10.1093/bib/bbaa199},
    eprint = {https://academic.oup.com/bib/article-pdf/22/4/bbaa199/39132158/bbaa199.pdf},
}

@inproceedings{maddalena2022application,
  title={An Application of the Disease Ontology (DO) for Clustering COVID-19 Hospitalizations in Rio de Janeiro},
  author={Maddalena, Lucas and Bai{\~a}o, Fernanda},
  booktitle={15th Seminar on Ontology Research in Brazil, ONTOBRAS 2022 and 6th Doctoral and Masters Consortium on Ontologies, WTDO 2022},
  pages={9-12},
  year={2022}
}

@inproceedings{silva2022evasao,
  title={Uso de Ontologias no suporte a aplica{\c{c}}{\~a}o de Machine Learning: um caso no dom{\'\i}nio de Evas{\~a}o Escolar},
  author={Silva, Eduardo Moura da and Mutz, Filipe Wall and Ruy, Fabiano Borges},
  booktitle={15th Seminar on Ontology Research in Brazil, ONTOBRAS 2022 and 6th Doctoral and Masters Consortium on Ontologies, WTDO 2022},
  pages={32-45},
  year={2022},
  publisher={Ontobras}
}

@article{decoste2023hybrid,
  title={A hybrid ontology-based semantic and machine learning model for the prediction of spring breakup},
  author={De Coste, Michael and Li, Zhong and Khedri, Ridha},
  journal={Computer-Aided Civil and Infrastructure Engineering},
  year={2023},
  publisher={Wiley Online Library}
}
